@ARTICLE{9099108,
  author={Amid, Alon and Biancolin, David and Gonzalez, Abraham and Grubb, Daniel and Karandikar, Sagar and Liew, Harrison and Magyar, Albert and Mao, Howard and Ou, Albert and Pemberton, Nathan and Rigge, Paul and Schmidt, Colin and Wright, John and Zhao, Jerry and Shao, Yakun Sophia and Asanović, Krste and Nikolić, Borivoje},
  journal={IEEE Micro}, 
  title={Chipyard: Integrated Design, Simulation, and Implementation Framework for Custom SoCs}, 
  year={2020},
  volume={40},
  number={4},
  pages={10-21},
  keywords={Generators;Open source software;Computational modeling;IP networks;Hardware;Physical design;Computer architecture},
  doi={10.1109/MM.2020.2996616}}

@INPROCEEDINGS{1041873,
  author={Ferrario, J. and Wolf, R. and Moss, S.},
  booktitle={Proceedings. International Test Conference}, 
  title={Architecting millisecond test solutions for wireless phone RFICs}, 
  year={2002},
  volume={},
  number={},
  pages={1151-1158},
  keywords={Radiofrequency integrated circuits;Costs;Radio frequency;Integrated circuit testing;Manufacturing;System testing;Software testing;Packaging machines;Computer architecture;Hardware},
  doi={10.1109/TEST.2002.1041873}}
@ARTICLE{10227269,
  author={Bourelly, Carmine and Vitelli, Michele and Milano, Filippo and Molinara, Mario and Fontanella, Francesco and Ferrigno, Luigi},
  journal={IEEE Access}, 
  title={EIS-Based SoC Estimation: A Novel Measurement Method for Optimizing Accuracy and Measurement Time}, 
  year={2023},
  volume={11},
  number={},
  pages={91472-91484},
  keywords={Time measurement;Batteries;Estimation;Frequency measurement;Battery charge measurement;Feature extraction;Time-frequency analysis;State of charge;Electrochemical impedance spectroscopy;Batteries;state of charge estimation;electrochemical impedance spectroscopy;feature selection},
  doi={10.1109/ACCESS.2023.3308029}}
@INPROCEEDINGS{9641547,
  author={Naik, Arpitha O and Kuruvilla, Elizabeth and Chavan, Arunkumar P},
  booktitle={2021 IEEE Mysore Sub Section International Conference (MysuruCon)}, 
  title={Integration and Verification of IP Cores on SoC}, 
  year={2021},
  volume={},
  number={},
  pages={120-125},
  keywords={Semiconductor device modeling;Protocols;Moore's Law;Pipelines;Network-on-chip;Intellectual property;Very large scale integration;Intellectual Property Cores;Network on Chip;System On Chip;Universal Verification Methodology},
  doi={10.1109/MysuruCon52639.2021.9641547}}
@INPROCEEDINGS{9461580,
  author={Wang, Ping and Yuan, Haocheng and Lin, Vincent and Guo, Haixia and Frank, Goh},
  booktitle={2021 China Semiconductor Technology International Conference (CSTIC)}, 
  title={Next Generation Test Library for RF SOC on ATE}, 
  year={2021},
  volume={},
  number={},
  pages={1-4},
  keywords={Radio frequency;Wireless communication;Java;Production;Libraries;Encoding;Registers;RF SOC;Library;ATE;efficiency},
  doi={10.1109/CSTIC52283.2021.9461580}}

@ARTICLE{8000621,
  author={Chen, Wen and Ray, Sandip and Bhadra, Jayanta and Abadir, Magdy and Wang, Li-C},
  journal={IEEE Design \& Test}, 
  title={Challenges and Trends in Modern SoC Design Verification}, 
  year={2017},
  volume={34},
  number={5},
  pages={7-22},
  keywords={IP networks;System-on-chip;Field programmable gate arrays;Formal verification;Observability;Computer architecture;Verification and validation;Emulation;Postsilicon validation;System-level validation;Hardware/Software covalidation},
  doi={10.1109/MDAT.2017.2735383}}

@ARTICLE{9904916,
  author={Restuccia, Francesco and Meza, Andres and Kastner, Ryan and Oberg, Jason},
  journal={IEEE Transactions on Computers}, 
  title={A Framework for Design, Verification, and Management of SoC Access Control Systems}, 
  year={2023},
  volume={72},
  number={2},
  pages={386-400},
  keywords={Access control;System-on-chip;Hardware;Microprogramming;IP networks;Engines;Safety;Access control systems;system-on-chip architectures;security verification;safety-critical systems;security-critical systems},
  doi={10.1109/TC.2022.3209923}}


